<?xml version="1.0" encoding="UTF-8"?><record xmlns="http://www.loc.gov/MARC21/slim" xmlns:cinclude="http://apache.org/cocoon/include/1.0" xmlns:zs="http://www.loc.gov/zing/srw/">
  <leader>00711cz  a2200193n  4500</leader>
  <controlfield tag="001">no 98043045 </controlfield>
  <controlfield tag="003">DLC</controlfield>
  <controlfield tag="005">20130312100017.0</controlfield>
  <controlfield tag="008">980126n| azannaab           |a aaa     c</controlfield>
  <datafield tag="010" ind1=" " ind2=" ">
    <subfield code="a">no 98043045 </subfield>
  </datafield>
  <datafield tag="035" ind1=" " ind2=" ">
    <subfield code="a">(OCoLC)oca04626870</subfield>
  </datafield>
  <datafield tag="040" ind1=" " ind2=" ">
    <subfield code="a">IEN</subfield>
    <subfield code="b">eng</subfield>
    <subfield code="e">rda</subfield>
    <subfield code="c">IEN</subfield>
    <subfield code="d">DLC</subfield>
  </datafield>
  <datafield tag="046" ind1=" " ind2=" ">
    <subfield code="f">1887</subfield>
  </datafield>
  <datafield tag="100" ind1="1" ind2=" ">
    <subfield code="a">Zendralli, A. M.</subfield>
    <subfield code="q">(Arnoldo Marcelliano),</subfield>
    <subfield code="d">1887-</subfield>
  </datafield>
  <datafield tag="378" ind1=" " ind2=" ">
    <subfield code="q">Arnoldo Marcelliano</subfield>
  </datafield>
  <datafield tag="400" ind1="1" ind2=" ">
    <subfield code="w">nnea</subfield>
    <subfield code="a">Zendralli, A. M.</subfield>
    <subfield code="q">(Arnoldo Marcelliano),</subfield>
    <subfield code="d">b. 1887</subfield>
  </datafield>
  <datafield tag="400" ind1="1" ind2=" ">
    <subfield code="a">Zendralli, Arnoldo Marcelliano,</subfield>
    <subfield code="d">1887-</subfield>
  </datafield>
  <datafield tag="670" ind1=" " ind2=" ">
    <subfield code="a">Zendralli, A. M. Il libro di Augusto Giacometti, 1943:</subfield>
    <subfield code="b">t.p. (A.M. Zendralli)</subfield>
  </datafield>
  <datafield tag="670" ind1=" " ind2=" ">
    <subfield code="a">OCLC database, Jan. 26, 1998</subfield>
    <subfield code="b">(hdg.: Zendralli, Arnoldo Marcelliano, 1887- ; usage: A.M. Zendralli)</subfield>
  </datafield>
</record>